#Intro

#1
@misc{AmericanAcademy, title = {American Academy of Dermatology}, url={https://www.aad.org/media/stats-skin-cancer}, journal={American Academy of Dermatology}} 

#2
@misc{MelanomaIntro, title = {Melanoma Overview}, url = {https://www.skincancer.org/skin-cancer-information/melanoma/}, publisher = {Skin Cancer Foundation}}

#3
@misc{Alexander, title={How long do you have to wait for a dermatologist appointment? - online dermatology}, url={https://firstderm.com/appointment-wait-time-see-dermatologist/#:~:text=An%20average%20American%20dermatology%20appointment%20wait%20is%2032.3,days%20%282%20months%29%20to%20get%20it%20checked%20out.}, journal={First Derm}, author={Alexander BÃ¶rveThe Specialist doctor from the University Hospital in Gothenburg}, year={2022}, month={Feb}} 

#4
@misc{MiiSkin_2023, url={https://miiskin.com/dermatology/mole-mapping-guide/}, journal={MiiSkin}, year={2023}, month={Oct}} 

#5
@article{pham2021ai,
  title={AI outperformed every dermatologist in dermoscopic melanoma diagnosis, using an optimized deep-CNN architecture with custom mini-batch logic and loss function},
  author={Pham, Tri-Cong and Luong, Chi-Mai and Hoang, Van-Dung and Doucet, Antoine},
  journal={Scientific Reports},
  volume={11},
  number={1},
  pages={17485},
  year={2021},
  publisher={Nature Publishing Group UK London}
}

#6
@article{stiff2022artificial,
  title={Artificial intelligence and melanoma: A comprehensive review of clinical, dermoscopic, and histologic applications},
  author={Stiff, Katherine M and Franklin, Matthew J and Zhou, Yufei and Madabhushi, Anant and Knackstedt, Thomas J},
  journal={Pigment Cell \& Melanoma Research},
  volume={35},
  number={2},
  pages={203--211},
  year={2022},
  publisher={Wiley Online Library}
}

# Technical Background
#1
@article{sonthalia2019dermoscopy,
  title={Dermoscopy overview and extradiagnostic applications},
  author={Sonthalia, Sidharth and Yumeen, Sara and Kaliyadan, Feroze},
  year={2019}
}

#2

#3
@article{bafounta2001dermoscopy,
  title={Is dermoscopy (epiluminescence microscopy) useful for the diagnosis of melanoma?: Results of a meta-analysis using techniques adapted to the evaluation of diagnostic tests},
  author={Bafounta, Marie-Lise and Beauchet, Alain and Aegerter, Philippe and Saiag, Philippe},
  journal={Archives of dermatology},
  volume={137},
  number={10},
  pages={1343--1350},
  year={2001},
  publisher={American Medical Association}
}
#3

@misc{DermNet,
  title={Pattern Analysis in Dermoscopy},
  author={DermNet},
  howpublished={Online},
  year={2019},
  note={DermNet is a reputable online resource for dermatology information and education. The provided URL leads to a comprehensive guide on pattern analysis in dermoscopy, which is a preferred method for diagnosing skin lesions. The guide covers the analysis of various dermoscopy features displayed by skin lesions.},
  url={https://dermnetnz.org/cme/dermoscopy-course/pattern-analysis#:~:text=Pattern%20analysis%20is%20the%20method%20preferred%20by%20many,of%20all%20dermoscopy%20features%20shown%20by%20the%20lesion.},journal={DermNet}}

#6 is article

#7
@misc{IBM, url={https://www.ibm.com/topics/neural-networks#:~:text=Neural%20networks%2C%20also%20known%20as%20artificial%20neural%20networks,way%20that%20biological%20neurons%20signal%20to%20one%20another.}, journal={IBM}} 

#8
@misc{Mishra_2020, title={Convolutional Neural Networks, explained}, url={https://towardsdatascience.com/convolutional-neural-networks-explained-9cc5188c4939}, journal={Medium}, publisher={Towards Data Science}, author={Mishra, Mayank}, year={2020}, month={Sep}} 

#9
@misc{GeeksforGeeks_2019, url={https://www.geeksforgeeks.org/activation-functions/}, journal={GeeksforGeeks}, publisher={GeeksforGeeks}, year={2019}, month={Aug}} 

#10
@misc{Roy_2020, title={An introduction to gradient descent and backpropagation}, url={https://towardsdatascience.com/an-introduction-to-gradient-descent-and-backpropagation-81648bdb19b2}, journal={Medium}, publisher={Towards Data Science}, author={Roy, Abhijit}, year={2020}, month={Jun}} 

#11
@misc{Amazon_1978, url={https://aws.amazon.com/what-is/hyperparameter-tuning/}, journal={Amazon}, publisher={The University}, year={1978}} 

#Related Work
#1 
@article{shetty2022skin,
  title={Skin lesion classification of dermoscopic images using machine learning and convolutional neural network},
  author={Shetty, Bhuvaneshwari and Fernandes, Roshan and Rodrigues, Anisha P and Chengoden, Rajeswari and Bhattacharya, Sweta and Lakshmanna, Kuruva},
  journal={Scientific Reports},
  volume={12},
  number={1},
  pages={18134},
  year={2022},
  publisher={Nature Publishing Group UK London}
}

#2
@inproceedings{ramesh2018plant,
  title={Plant disease detection using machine learning},
  author={Ramesh, Shima and Hebbar, Ramachandra and Niveditha, M and Pooja, R and Shashank, N and Vinod, PV and others},
  booktitle={2018 International conference on design innovations for 3Cs compute communicate control (ICDI3C)},
  pages={41--45},
  year={2018},
  organization={IEEE}
}

#3
@article{srinivasu2021classification,
  title={Classification of skin disease using deep learning neural networks with MobileNet V2 and LSTM},
  author={Srinivasu, Parvathaneni Naga and SivaSai, Jalluri Gnana and Ijaz, Muhammad Fazal and Bhoi, Akash Kumar and Kim, Wonjoon and Kang, James Jin},
  journal={Sensors},
  volume={21},
  number={8},
  pages={2852},
  year={2021},
  publisher={MDPI}
}

#4
@article{garcia2019segmentation,
  title={Segmentation of skin lesions in dermoscopy images using fuzzy classification of pixels and histogram thresholding},
  author={Garcia-Arroyo, Jose Luis and Garcia-Zapirain, Begonya},
  journal={Computer methods and programs in biomedicine},
  volume={168},
  pages={11--19},
  year={2019},
  publisher={Elsevier}
}

#5
@article{zaqout2019diagnosis,
  title={Diagnosis of skin lesions based on dermoscopic images using image processing techniques},
  author={Zaqout, Ihab},
  journal={Pattern Recognition-Selected Methods and Applications},
  volume={1320},
  year={2019},
  publisher={IntechOpen}
}

#6 
@inproceedings{codella2018skin,
  title={Skin lesion analysis toward melanoma detection: A challenge at the 2017 international symposium on biomedical imaging (isbi), hosted by the international skin imaging collaboration (isic)},
  author={Codella, Noel CF and Gutman, David and Celebi, M Emre and Helba, Brian and Marchetti, Michael A and Dusza, Stephen W and Kalloo, Aadi and Liopyris, Konstantinos and Mishra, Nabin and Kittler, Harald and others},
  booktitle={2018 IEEE 15th international symposium on biomedical imaging (ISBI 2018)},
  pages={168--172},
  year={2018},
  organization={IEEE}
}

#7
@inproceedings{shahin2018deep,
  title={Deep ensemble learning for skin lesion classification from dermoscopic images},
  author={Shahin, Ahmed H and Kamal, Ahmed and Elattar, Mustafa A},
  booktitle={2018 9th Cairo International Biomedical Engineering Conference (CIBEC)},
  pages={150--153},
  year={2018},
  organization={IEEE}
}

#8 
@misc{humans.txt, title={Total body dermoscopy for early detection of skin changes: FotoFinder Systems}, url={https://www.fotofinder.de/en/technology/total-body-dermoscopy}, journal={Total Body Dermoscopy for early detection of skin changes | FotoFinder Systems}, author={/humans.txt}} 

#9
@misc{Inc., title={The most intelligent dermatology platform}, url={https://www.dermengine.com/}, journal={DermEngine}, author={Inc., MetaOptima Technology}} 

#Methodology

#step 1:
#1
@article{tschandl2018ham10000,
  title={The HAM10000 dataset, a large collection of multi-source dermatoscopic images of common pigmented skin lesions},
  author={Tschandl, Philipp and Rosendahl, Cliff and Kittler, Harald},
  journal={Scientific data},
  volume={5},
  number={1},
  pages={1--9},
  year={2018},
  publisher={Nature Publishing Group}
}
#2
@misc{KDnuggets, url={https://www.kdnuggets.com/2023/02/role-resampling-techniques-data-science.html}, journal={KDnuggets}} 

#3
@misc{TensorFlow, url={https://www.tensorflow.org/api_docs/python/tf/keras/preprocessing/image/ImageDataGenerator}, journal={TensorFlow}} 

#4
@misc{scikit, url={https://scikit-learn.org/stable/modules/generated/sklearn.model_selection.train_test_split.html}, journal={scikit}} 

#5
@misc{Shah_2020, title={About train, validation and test sets in machine learning}, url={https://towardsdatascience.com/train-validation-and-test-sets-72cb40cba9e7}, journal={Medium}, publisher={Towards Data Science}, author={Shah, Tarang}, year={2020}, month={Jul}} 

#6
@misc{Khoong_2021, title={When do support Vector Machines Fail?}, url={https://towardsdatascience.com/when-do-support-vector-machines-fail-3f23295ebef2}, journal={Medium}, publisher={Towards Data Science}, author={Khoong, Wei Hao}, year={2021}, month={Aug}} 

#7
@misc{Gupta_2021, title={Batch normalization and Relu for solving vanishing gradients}, url={https://medium.com/analytics-vidhya/how-batch-normalization-and-relu-solve-vanishing-gradients-3f1a8ace1c88}, journal={Medium}, publisher={Analytics Vidhya}, author={Gupta, Lavanya}, year={2021}, month={Apr}} 

#8
@misc{Basta_2020, title={The differences between sigmoid and Softmax activation function}, url={https://medium.com/arteos-ai/the-differences-between-sigmoid-and-softmax-activation-function-12adee8cf322}, journal={Medium}, publisher={Arteos AI}, author={Basta, Nikola}, year={2020}, month={Apr}} 

#Ethical Considerations
@misc{E;, title={Diversity and discrimination in Healthcare}, url={https://pubmed.ncbi.nlm.nih.gov/33760480/}, journal={National Center for Biotechnology Information}, publisher={U.S. National Library of Medicine}, author={E;, Togioka BM;Duvivier D;Young}} 

@misc{Diverse, url={https://ddi-dataset.github.io/}, journal={Diverse Dermatology Images}} 